<?xml version="1.0" encoding="UTF-8"?><collection xmlns="http://www.loc.gov/MARC21/slim"><record><leader>00435nam--2200169-i-4500</leader><controlfield tag="001">000048397</controlfield><controlfield tag="002">20161230</controlfield><controlfield tag="005">20170116231906</controlfield><controlfield tag="008">060222s1000------------r-----000-0-eng-d</controlfield><datafield ind1=" " ind2=" " tag="080"><subfield code="a">519.68</subfield></datafield><datafield ind1=" " ind2=" " tag="100"><subfield code="a">Abramenko, V. S</subfield></datafield><datafield ind1=" " ind2=" " tag="245"><subfield code="a">Matematicheskoe obespechenie dialogovyh informationnyh sistem</subfield></datafield><datafield ind1=" " ind2=" " tag="260"><subfield code="a">Moskva</subfield><subfield code="b">Nauka</subfield><subfield code="c">1990</subfield></datafield><datafield ind1=" " ind2=" " tag="300"><subfield code="a">192 p</subfield></datafield><datafield ind1=" " ind2=" " tag="700"><subfield code="a">Hisamutdinov, V. R</subfield></datafield><datafield ind1=" " ind2=" " tag="852"><subfield code="a">79430</subfield></datafield><datafield ind1=" " ind2=" " tag="CAT"><subfield code="a">SYS</subfield><subfield code="c">20170116</subfield><subfield code="h">231906</subfield></datafield></record></collection>